<?xml version="1.0" encoding="UTF-8"?><collection xmlns="http://www.loc.gov/MARC21/slim"><record><leader>00524nam--2200181-i-4500</leader><controlfield tag="001">000014034</controlfield><controlfield tag="002">20161230</controlfield><controlfield tag="005">20161230201030</controlfield><controlfield tag="008">060222s1000------------r-----000-0-fre-d</controlfield><datafield ind1=" " ind2=" " tag="040"><subfield code="a">IFIN-HH</subfield></datafield><datafield ind1=" " ind2=" " tag="041"><subfield code="a">fre</subfield></datafield><datafield ind1=" " ind2=" " tag="080"><subfield code="a">539.1.074.8(043)</subfield></datafield><datafield ind1="1" ind2=" " tag="100"><subfield code="a">Champion, Gilles</subfield></datafield><datafield ind1="1" ind2="0" tag="245"><subfield code="a">Detecteur a neutrinos: efficacite et mouvements propres</subfield><subfield code="b">These</subfield><subfield code="c">Gilles champion</subfield></datafield><datafield ind1=" " ind2=" " tag="260"><subfield code="a">Grenoble</subfield><subfield code="b">Universite Scientifique Et Medicale</subfield><subfield code="c">1979</subfield></datafield><datafield ind1=" " ind2=" " tag="300"><subfield code="a">126 P</subfield></datafield><datafield ind1=" " ind2=" " tag="852"><subfield code="a">49640</subfield><subfield code="c">539.1.07:539.1.08</subfield></datafield><datafield ind1=" " ind2=" " tag="CAT"><subfield code="a">Sys</subfield><subfield code="c">20111031</subfield><subfield code="h">085224</subfield></datafield></record></collection>